

@misc{prezentareCircuiteCC, 
  title={Circuite simple de c.c. -- prezentare de laborator}, 
  url={https://acs.curs.pub.ro/2018/pluginfile.php/56302/mod_resource/content/4/CircuiteSimple_CC.pdf},
  author={Mihai Popescu},
  publisher={},
  note={}
}

@misc{ltspice,
  author = {Linear Technology, Analog Devices},
  title = {LTspice},
  url = {http://www.analog.com/en/design-center/design-tools-and-calculators.html#LTspice}
}

@misc{ltspicewiki,
  author = {LTwiki},
  title = {LTSpice Wiki},
  url = {http://ltwiki.org/index.php?title=LTspice_Annotated_and_Expanded_Help}
}

@misc{PROTEK_Manuals,
  author = {Protek},
  title = {Protek Manuals},
  url = {https://static.rapidonline.com/pdf/554305_v1.pdf, https://m.distrelec.ch/Web/Downloads/_t/ds/DF1730-60SB3A_ger_tds.pdf, http://www.mem-gmbh.de/Protek_DF1730SB3A_1730SB5A_1760SL3A_1760SL5A.pdf, https://usermanual.wiki/Document/PROTEK3000SeriesUser.1608550021/view}
}

@misc{multimeter_manual,
  author = {},
  title = {Multimeter Manuals},
  url = {https://www.manualslib.com/products/Mastech-My-64-3912087.html, https://www.opel.ece.vt.edu/reference/Multimeter/MultimeterUse.pdf}
}

@misc{cifre_semnificative,
  author = {},
  title = {Significant Figures},
  url = {https://web.ics.purdue.edu/~lewicki/physics218/significant}
}

@misc{rezistoare_puteri,
  author = {David Ludovino},
  title = {Own work, CC BY-SA 3.0},
  url = {https://commons.wikimedia.org/w/index.php?curid=27918950}
}

@misc{aplicatii_potentiometru,
  title = {Potentiometru},
  url = {https://www.elprocus.com/voltage-divider-rule-with-examples/, http://www.creeaza.com/tehnologie/electronica-electricitate/Potentiometrul851.php}
}

@misc{aplicatii_punte_wheatstone,
  title = {Puntea Wheatstone},
  url = {https://www.electronics-tutorials.ws/blog/wheatstone-bridge.html}
}

@misc{aplicatii_senzori_rezistivi,
  title = {Senzori rezistivi},
  url = {https://learn.sparkfun.com/tutorials/voltage-dividers/all}
}



